!TRNS	DATE	ACCNT	NAME	CLASS	AMOUNT	MEMO	
!SPL	DATE	ACCNT	NAME	CLASS	AMOUNT	MEMO	
!ENDTRNS
TRNS	"10/1/2009"	"Paypal"	"John Person"	"Web Accept Payment Received"	213.32	"11 Musical adult ticket for This is a show on 10/2/2009 - Friday, 8:00PM"
SPL	"10/1/2009"	"Door Sales"	"This is a show"	Show	-220.00	"11 Musical adult ticket for This is a show on 10/2/2009 - Friday, 8:00PM"
SPL	"10/1/2009"	"Paypal Expense"	"This is a show"	Show	6.68	"11 Musical adult ticket for This is a show on 10/2/2009 - Friday, 8:00PM"
ENDTRNS
